@online{redis,
  author = {{Redis Labs}},
  title = {Redis},
  url = {https://redis.io/},
  urldate = {2020-07-16},
}

@online{kafka,
  author = {{Apache Software Foundation}},
  title = {Apache Kafka: a distributed streaming platform},
  url = {http://kafka.apache.org/},
  urldate = {2017-09-14},
}

@inproceedings{spark,
author = {Zaharia, Matei and Chowdhury, Mosharaf and Das, Tathagata and Dave, Ankur and Ma, Justin and McCauley, Murphy and Franklin, Michael J. and Shenker, Scott and Stoica, Ion},
title = {Resilient Distributed Datasets: A Fault-tolerant Abstraction for In-memory Cluster Computing},
booktitle = {Proceedings of the 9\textsuperscript{th} USE\-NIX Conference on Networked Systems Design and Implementation (NSDI)},
year = {2012},
month = apr,
location = {San Jose, California, USA},
pages = {15--28},
numpages = {13},
url = {http://dl.acm.org/citation.cfm?id=2228298.2228301},
acmid = {2228301},
}

@inproceedings{spark-streaming,
 author = {Zaharia, Matei and Das, Tathagata and Li, Haoyuan and Hunter, Timothy and Shenker, Scott and Stoica, Ion},
 title = {Discretized Streams: Fault-tolerant Streaming Computation at Scale},
 booktitle = {Proceedings of the 24\textsuperscript{th} ACM Symposium on Operating Systems Principles (SOSP)},
 year = {2013},
 month = nov,
 isbn = {978-1-4503-2388-8},
 location = {Farmington, Pennsylvania, USA},
 pages = {423--438},
 numpages = {16},
 url = {http://doi.acm.org/10.1145/2517349.2522737},
 doi = {10.1145/2517349.2522737},
 acmid = {2522737},
}

@article{flink,
 title={Apache Flink: Stream and batch processing in a single engine},
 author={Carbone, Paris and Ewen, Stephan and Haridi, Seif and Katsifodimos, Asterios and Markl, Volker and Tzoumas, Kostas},
 journal={IEEE Data Engineering},
 volume={38},
 number={4},
 year={2015},
 month = dec,
}

@inproceedings{naiad,
 author = {Murray, Derek G. and McSherry, Frank and Isaacs, Rebecca and Isard, Michael and Bar\-ham, Paul and Abadi, Mart\'{\i}n},
 title = {Naiad: a timely dataflow system},
 booktitle = {Proceedings of the 24\textsuperscript{th} ACM Symposium on Operating Systems Principles (SOSP)},
 year = {2013},
 month = nov,
 isbn = {978-1-4503-2388-8},
 pages = {439--455},
 numpages = {17},
 url = {http://doi.acm.org/10.1145/2517349.2522738},
 doi = {10.1145/2517349.2522738},
 acmid = {2522738},
 location = {Farmington, Pennsylvania, USA},
}

@inproceedings{noria,
 title = {Noria: dynamic, partially-stateful data-flow for high-performance web applications},
 author = {Jon Gjengset and Malte Schwarzkopf and Jonathan Behrens and Lara Timb{\'o} Ara{\'u}jo and Martin Ek and Eddie Kohler and M. Frans Kaashoek and Robert Morris},
 year = 2018,
 month = oct,
 pages = {213--231},
 isbn = {978-1-931971-47-8},
 booktitle = {Proceedings of the 13\textsuperscript{th} USENIX Symposium on Operating Systems Design and Implementation (OSDI)},
 location = {Carlsbad, California, USA},
}

@online{lobsters-data,
   author = {Harkins, Peter Bhat},
   title = {Lobste.rs access pattern statistics for research purposes},
   month = mar,
   year = 2018,
   url = {https://lobste.rs/s/cqnzl5/lobste_rs_access_pattern_statistics_for#c_hj0r1b},
   urldate = {2018-03-12},
}

@online{lobsters,
  author = {{Lobsters Developers}},
  title = {Lobsters News Aggregator},
  month = jun,
  year = 2020,
  urldate = {2020-06-12},
  url = {https://lobste.rs},
}

@online{frank-open-loop,
  author = {McSherry, Frank},
  title = {Throughput and Latency in Differential Dataflow: open-loop measurements},
  month = aug,
  year = 2017,
  urldate = {2018-04-13},
  url = {https://github.com/frankmcsherry/blog/blob/master/posts/2017-07-24.md#addendum-open-loop-measurements-2017-08-14},
}

@inproceedings{open-loop-cautionary-tale,
 author = {Schroeder, Bianca and Wierman, Adam and Harchol-Balter, Mor},
 title = {Open Versus Closed: A Cautionary Tale},
 booktitle = {Proceedings of the 3\textsuperscript{rd} USENIX Conference on Networked Systems Design and Implementation (NSDI)},
 year = {2006},
 location = {San Jose, California, USA},
 pages = {239--252},
 numpages = {18},
 url = {http://dl.acm.org/citation.cfm?id=1267680.1267698},
 acmid = {1267698},
}

@online{evmap,
 author = {Gjengset, Jon},
 title = {evmap: A lock-free, eventually consistent, concurrent multi-value map},
 url = {https://github.com/jonhoo/rust-evmap},
 urldate = {2020-07-14},
}

@online{generator,
 author = {Gjengset, Jon},
 title = {trawler: Lobsters workload generator},
 url = {https://github.com/jonhoo/trawler},
 urldate = {2020-07-14},
}

@book{zipf,
 author = {Zipf, George Kingsley},
 location = {Cambridge, Massachusetts, USA},
 publisher = {Addison-Wesley Press},
 title = {Human behavior and the principle of least effort; an introduction to human ecology.},
 year = {1949},
}

@article{relational,
  author    = {E. F. Codd},
  title     = {Derivability, Redundancy and Consistency of Relations Stored in Large Data Banks},
  journal   = {Research Report / {RJ} / {IBM} / San Jose, California},
  volume    = {{RJ599}},
  year      = {1969},
}

@inproceedings{differential-dataflow,
  author = {McSherry, Frank and Murray, Derek G. and Isaacs, Rebecca and Isard, Michael},
  title = {Differential dataflow},
  booktitle = {Proceedings of the 6\textsuperscript{th} Biennial Conference on Innovative Data Systems Research (CIDR)},
  year = {2013},
  month = jan,
  location = {Asilomar, California, USA},
}

@online{materialize,
  author = {{Materialize Inc.}},
  title = {{Materialize\,---\,A Streaming Database For Real-Time Applications}},
  url = {https://materialize.io/},
  urldate = {2020-08-18},
}

@online{lateral-join,
  author = {{Materialize Inc.}},
  title = {Lateral Joins and Demand-Driven Queries},
  url = {https://materialize.io/lateral-joins-and-demand-driven-queries/},
  urldate = {2020-08-18},
}

@online{materialize-eventual,
  author = {{Materialize Inc.}},
  title = {Eventual Consistency isn't for Streaming},
  url = {https://materialize.io/eventual-consistency-isnt-for-streaming/},
  urldate = {2020-08-28},
}

@article{arrangements,
  title={Shared Arrangements: practical inter-query sharing for streaming dataflows},
  author={McSherry, Frank and Lattuada, Andrea and Schwarzkopf, Malte and Roscoe, Timothy},
  journal={Proceedings of the VLDB Endowment},
  volume={13},
  number={10},
  pages={1793--1806},
  year={2020},
  publisher={VLDB Endowment}
}

@article{eventual,
  title={Eventual consistency today: Limitations, extensions, and beyond},
  author={Bailis, Peter and Ghodsi, Ali},
  journal={Queue},
  volume={11},
  number={3},
  pages={20--32},
  year={2013},
  publisher={ACM New York, NY, USA}
}

@article{eventually-consistent,
 author = {Vogels, Werner},
 title = {Eventually Consistent},
 journal = {Communications of the ACM},
 issue_date = {January 2009},
 volume = {52},
 number = {1},
 month = jan,
 year = {2009},
 issn = {0001-0782},
 pages = {40--44},
 numpages = {5},
 url = {http://doi.acm.org/10.1145/1435417.1435432},
 doi = {10.1145/1435417.1435432},
 acmid = {1435432},
}

@article{pnuts,
 author = {Cooper, Brian F. and Ramakrishnan, Raghu and Srivastava, Utkarsh and Silberstein, Adam and Bohannon, Philip and Jacobsen, Hans-Arno and Puz, Nick and Weaver, Daniel and Yerneni, Ramana},
 title = {PNUTS: Yahoo!'s Hosted Data Serving Platform},
 journal = {Proceedings of the VLDB Endowment},
 issue_date = {August 2008},
 volume = {1},
 number = {2},
 month = aug,
 year = {2008},
 issn = {2150-8097},
 pages = {1277--1288},
 numpages = {12},
 url = {http://dx.doi.org/10.14778/1454159.1454167},
 doi = {10.14778/1454159.1454167},
 acmid = {1454167},
 publisher = {VLDB Endowment},
}

%  data skew

@inproceedings{zhang2020permutation,
  title={Permutation Index: Exploiting Data Skew for Improved Query Performance},
  author={Zhang, Wangda and Ross, Kenneth A},
  booktitle={2020 IEEE 36th International Conference on Data Engineering (ICDE)},
  pages={1982--1985},
  year={2020},
  organization={IEEE}
}

@online{amazon-skew,
  author = {{Amazon.com}},
  title = {Customer reviews dataset},
  url = {https://registry.opendata.aws/amazon-reviews},
  urldate = {2018-11-16},
}

@article{power1,
  title={Power-law distributions in empirical data},
  author={Clauset, Aaron and Shalizi, Cosma Rohilla and Newman, Mark EJ},
  journal={SIAM review},
  volume={51},
  number={4},
  pages={661--703},
  year={2009},
  publisher={SIAM}
}

@article{power2,
  title={Power-law distributions in binned empirical data},
  author={Virkar, Yogesh and Clauset, Aaron},
  journal={The Annals of Applied Statistics},
  pages={89--119},
  year={2014},
  publisher={JSTOR}
}

@article{large-skew,
  title={Simulating the joint evolution of quasars, galaxies and their large-scale distribution},
  author={Springel, Volker and White, Simon DM and Jenkins, Adrian and Frenk, Carlos S and Yoshida, Naoki and Gao, Liang and Navarro, Julio and Thacker, Robert and Croton, Darren and Helly, John and others},
  journal={arXiv preprint astro-ph/0504097},
  year={2005}
}

@article{large-skew-analysis,
  title={Handling Data Skew in MapReduce.},
  author={Gufler, Benjamin and Augsten, Nikolaus and Reiser, Angelika and Kemper, Alfons},
  journal={Closer},
  volume={11},
  pages={574--583},
  year={2011}
}

@article{network-skew,
  title={The statistical physics of real-world networks},
  author={Cimini, Giulio and Squartini, Tiziano and Saracco, Fabio and Garlaschelli, Diego and Gabrielli, Andrea and Caldarelli, Guido},
  journal={Nature Reviews Physics},
  volume={1},
  number={1},
  pages={58--71},
  year={2019},
  publisher={Nature Publishing Group}
}

@book{network-skew2,
  title={Networks: An Introduction},
  author={Newman, M.},
  isbn={9780199206650},
  lccn={2010006011},
  url={https://books.google.com/books?id=-DgTDAAAQBAJ},
  year={2010},
  publisher={OUP Oxford}
}

@article{community-skew,
  title={Emergence of Power Laws in Online Communities},
  author={Johnson, Steven L and Faraj, Samer and Kudaravalli, Srinivas},
  journal={Mis Quarterly},
  volume={38},
  number={3},
  pages={795--A13},
  year={2014},
  publisher={JSTOR}
}

% caching is hard

@inproceedings{facebook-memcache,
  title={Scaling memcache at facebook},
  author={Nishtala, Rajesh and Fugal, Hans and Grimm, Steven and Kwiatkowski, Marc and Lee, Herman and Li, Harry C and McElroy, Ryan and Paleczny, Mike and Peek, Daniel and Saab, Paul and others},
  booktitle={Presented as part of the 10th $\{$USENIX$\}$ Symposium on Networked Systems Design and Implementation ($\{$NSDI$\}$ 13)},
  pages={385--398},
  year={2013}
}

@inproceedings{transactional-cache,
  title={Transactional Consistency and Automatic Management in an Application Data Cache.},
  author={Ports, Dan RK and Clements, Austin T and Zhang, Irene and Madden, Samuel and Liskov, Barbara}
}

@inproceedings{orm-cache,
  title={A trigger-based middleware cache for ORMs},
  author={Gupta, Priya and Zeldovich, Nickolai and Madden, Samuel},
  booktitle={ACM/IFIP/USENIX International Conference on Distributed Systems Platforms and Open Distributed Processing},
  pages={329--349},
  year={2011},
  organization={Springer}
}

@inproceedings{sql-cache,
  title={Strong consistency in cache augmented SQL systems},
  author={Ghandeharizadeh, Shahram and Yap, Jason and Nguyen, Hieu},
  booktitle={Proceedings of the 15th International Middleware Conference},
  pages={181--192},
  year={2014}
}

@article{caching-is-hard,
  title={A qualitative study of application-level caching},
  author={Mertz, Jhonny and Nunes, Ingrid},
  journal={IEEE Transactions on Software Engineering},
  volume={43},
  number={9},
  pages={798--816},
  year={2016},
  publisher={IEEE}
}

% view materialization

@article{materialized-survey,
  title={Materialized Views},
  author={Chirkova, Rada and Yang, Jun and others},
  journal={Foundations and Trends{\textregistered} in Databases},
  volume={4},
  number={4},
  pages={295--405},
  year={2012},
  publisher={Now Publishers, Inc.}
}

@article{dbtoaster,
  title={DBToaster: higher-order delta processing for dynamic, frequently fresh views},
  author={Koch, Christoph and Ahmad, Yanif and Kennedy, Oliver and Nikolic, Milos and N{\"o}tzli, Andres and Lupei, Daniel and Shaikhha, Amir},
  journal={The VLDB Journal},
  volume={23},
  number={2},
  pages={253--278},
  year={2014},
  publisher={Springer}
}

@inproceedings{hotdog,
  title={How to win a hot dog eating contest: Distributed incremental view maintenance with batch updates},
  author={Nikolic, Milos and Dashti, Mohammad and Koch, Christoph},
  booktitle={Proceedings of the 2016 International Conference on Management of Data},
  pages={511--526},
  year={2016}
}

@article{memory-efficient,
  title={Efficient Query Processing for Dynamically Changing Datasets},
  author={Idris, Muhammad and Ugarte, Mart{\'\i}n and Vansummeren, Stijn and Voigt, Hannes and Lehner, Wolfgang},
  journal={ACM SIGMOD Record},
  volume={48},
  number={1},
  pages={33--40},
  year={2019},
  publisher={ACM New York, NY, USA}
}

@inproceedings{dbproxy,
  title={DBProxy: A dynamic data cache for Web applications},
  author={Amiri, Khalil and Park, Sanghyun and Tewari, Renu and Padmanabhan, Sriram},
  booktitle={Proceedings 19th International Conference on Data Engineering (Cat. No. 03CH37405)},
  pages={821--831},
  year={2003},
  organization={IEEE}
}

@inproceedings{pequod,
  title={Easy freshness with Pequod cache joins},
  author={Kate, Bryan and Kohler, Eddie and Kester, Michael S and Narula, Neha and Mao, Yandong and Morris, Robert},
  booktitle={11th $\{$USENIX$\}$ Symposium on Networked Systems Design and Implementation ($\{$NSDI$\}$ 14)},
  pages={415--428},
  year={2014}
}

@article{gupta-view-selection,
 author = {Gupta, Himanshu and Mumick, Inderpal Singh},
 journal = {IEEE Transactions on Knowledge and Data Engineering},
 title = {Selection of views to materialize in a data warehouse},
 year = 2005,
 volume = {17},
 number = {1},
 pages = {24--43},
 doi = {10.1109/TKDE.2005.16},
 ISSN = {1041-4347},
 month = jan,
}

@inproceedings{lee,
 author = {Lee, Ki Yong and Kim, Myoung Ho},
 title = {Optimizing the Incremental Maintenance of Multiple Join Views},
 booktitle = {Proceedings of the 8\textsuperscript{th} ACM International Workshop on Data Warehousing and OLAP (DOLAP)},
 year = {2005},
 month = nov,
 isbn = {1-59593-162-7},
 location = {Bremen, Germany},
 pages = {107--113},
 numpages = {7},
 url = {http://doi.acm.org/10.1145/1097002.1097021},
 doi = {10.1145/1097002.1097021},
 acmid = {1097021},
 keywords = {incremental view maintenance, multiple view maintenance},
}

@inproceedings{materialized-view-selection-sql-server,
 author = {Agrawal, Sanjay and Chaudhuri, Surajit and Narasayya, Vivek R.},
 title = {Automated Selection of Materialized Views and Indexes in {SQL} Databases},
 booktitle = {Proceedings of the 26\textsuperscript{th} International Conference on Very Large Data Bases (VLDB)},
 year = {2000},
 month = sep,
 isbn = {1-55860-715-3},
 pages = {496--505},
 numpages = {10},
 url = {http://dl.acm.org/citation.cfm?id=645926.671701},
 acmid = {671701},
 location = {Cairo, Egypt},
}

@online{mssql-materialized-view-restrictions-blog,
  title = {What You Can (and Can’t) Do With Indexed Views},
  author = {Schultz Borland, Jes},
  url = {https://www.brentozar.com/archive/2013/11/what-you-can-and-cant-do-with-indexed-views/},
  note = {Brent Ozar Unlimited Blog},
  urldate = {2017-04-16},
}

@online{mssql-materialized-view-restrictions,
  title = {Create Indexed Views -- Additional Requirements},
  author = {{Microsoft, Inc.}},
  url = {https://docs.microsoft.com/en-us/sql/relational-databases/views/create-indexed-views#additional-requirements},
  note = {SQL Server Documentation},
  urldate = {2017-04-16},
}

% caching

@article{ad-hoc-caching,
  title={A qualitative study of application-level caching},
  author={Mertz, Jhonny and Nunes, Ingrid},
  journal={IEEE Transactions on Software Engineering},
  volume={43},
  number={9},
  pages={798--816},
  year={2016},
  publisher={IEEE}
}

@inproceedings{cachegenie,
  title={A trigger-based middleware cache for ORMs},
  author={Gupta, Priya and Zeldovich, Nickolai and Madden, Samuel},
  booktitle={ACM/IFIP/USENIX International Conference on Distributed Systems Platforms and Open Distributed Processing},
  pages={329--349},
  year={2011},
  organization={Springer}
}

@online{flannel,
  title = {Flannel: An Application-Level Edge Cache to Make Slack Scale},
  author = {Bing Wei},
  url = {https://slack.engineering/flannel-an-application-level-edge-cache-to-make-slack-scale/},
  note = {Slack Engineering Blog Post},
  urldate = {2020-09-24},
}

@inproceedings{casql-consistency,
  title={Strong consistency in cache augmented SQL systems},
  author={Ghandeharizadeh, Shahram and Yap, Jason and Nguyen, Hieu},
  booktitle={Proceedings of the 15th International Middleware Conference},
  pages={181--192},
  year={2014}
}

@phdthesis{casql-consistency-thesis,
  title={Transparent consistency in Cache Augmented Database Management Systems},
  author={Yap, Jason},
  year={2014},
  school={University of Southern California}
}

@inproceedings{mtcache,
  author={P. -. {Larson} and J. {Goldstein} and J. {Zhou}},
  booktitle={Proceedings. 20th International Conference on Data Engineering},
  title={MTCache: transparent mid-tier database caching in SQL server},
  year={2004},
  pages={177-188},
}

@inproceedings{tao,
  title={$\{$TAO$\}$: Facebook’s Distributed Data Store for the Social Graph},
  author={Bronson, Nathan and Amsden, Zach and Cabrera, George and Chakka, Prasad and Dimov, Peter and Ding, Hui and Ferris, Jack and Giardullo, Anthony and Kulkarni, Sachin and Li, Harry and others},
  booktitle={2013 $\{$USENIX$\}$ Annual Technical Conference ($\{$USENIX$\}$$\{$ATC$\}$ 13)},
  pages={49--60},
  year={2013}
}

@inproceedings{txcache,
  title={Transactional Consistency and Automatic Management in an Application Data Cache.},
  author={Ports, Dan RK and Clements, Austin T and Zhang, Irene and Madden, Samuel and Liskov, Barbara},
  booktitle={OSDI},
  volume={10},
  pages={1--15},
  year={2010}
}
